@ARTICLE{Jansky1932,
  author={K. G. {Jansky}},
  journal={Proceedings of the Institute of Radio Engineers}, 
  title={Directional Studies of Atmospherics at High Frequencies}, 
  year={1932},
  volume={20},
  number={12},
  pages={1920-1932},
  doi={10.1109/JRPROC.1932.227477}}
  
@ARTICLE{Jansky1933,
  author={K. G. {Jansky}},
  journal={Proceedings of the Institute of Radio Engineers}, 
  title={Electrical Disturbances Apparently of Extraterrestrial Origin}, 
  year={1933},
  volume={21},
  number={10},
  pages={1387-1398},
  doi={10.1109/JRPROC.1933.227458}}  
  
@ARTICLE{Jansky1935,
  author={K. G. {Jansky}},
  journal={Proceedings of the Institute of Radio Engineers}, 
  title={A Note on the Source of Interstellar Interference}, 
  year={1935},
  volume={23},
  number={10},
  pages={1158-1163},
  doi={10.1109/JRPROC.1935.227275}}
  
 @INPROCEEDINGS{Immer2020,
       author = {{Immer}, K. and {Reid}, M.~J and {Brunthaler}, A. and {Menten}, K.~M. and {Zhang}, Q. and {Lu}, X. and {Mills}, E.~A.~C. and {Ginsburg}, A. and {Henshaw}, J.~D. and {Longmore}, S.~N. and {Kruijssen}, J.~M.~D. and {Pillai}, T.},
        title = "{How Maser Observations Unravel the Gas Motions in the Galactic Center}",
    booktitle = {New Horizons in Galactic Center Astronomy and Beyond},
         year = 2020,
       editor = {{Tsuboi}, M. and {Oka}, T.},
       volume = {528},
}